<record><leader>00000cas a22000007a 4500</leader><controlfield tag="001">20520210</controlfield><controlfield tag="008">891020d1904190umoudn ne      0    0eng d</controlfield><datafield ind1=" " ind2=" " tag="010"><subfield code="a">sn 89066848 </subfield></datafield><datafield ind1=" " ind2=" " tag="040"><subfield code="a">MQN</subfield><subfield code="b">eng</subfield><subfield code="c">MQN</subfield><subfield code="d">OCLCQ</subfield><subfield code="d">OCLCF</subfield><subfield code="d">OCLCO</subfield></datafield><datafield ind1=" " ind2=" " tag="042"><subfield code="a">msc</subfield></datafield><datafield ind1=" " ind2=" " tag="043"><subfield code="a">n-us-mo</subfield></datafield><datafield ind1="0" ind2=" " tag="130"><subfield code="a">Evening Republican (Clinton, Mo. : 1904)</subfield></datafield><datafield ind1="1" ind2="4" tag="245"><subfield code="a">The evening Republican.</subfield></datafield><datafield ind1=" " ind2=" " tag="260"><subfield code="a">Clinton, Mo. :</subfield><subfield code="b">C.D. Wallace</subfield></datafield><datafield ind1=" " ind2=" " tag="300"><subfield code="a">v.</subfield></datafield><datafield ind1=" " ind2=" " tag="310"><subfield code="a">Daily (except Sun.)</subfield></datafield><datafield ind1=" " ind2=" " tag="588"><subfield code="a">Description based on: Vol. 1, no. 2 (Apr. 11, 1904).</subfield></datafield><datafield ind1=" " ind2="0" tag="651"><subfield code="a">Clinton (Mo.)</subfield><subfield code="v">Newspapers.</subfield></datafield><datafield ind1=" " ind2="7" tag="655"><subfield code="a">Newspapers.</subfield><subfield code="2">fast</subfield><subfield code="0">(OCoLC)fst01423814</subfield></datafield><datafield ind1=" " ind2="7" tag="651"><subfield code="a">Missouri</subfield><subfield code="z">Clinton.</subfield><subfield code="2">fast</subfield><subfield code="0">(OCoLC)fst01220795</subfield></datafield><datafield ind1=" " ind2=" " tag="752"><subfield code="a">United States</subfield><subfield code="b">Missouri</subfield><subfield code="c">Henry</subfield><subfield code="d">Clinton.</subfield></datafield><datafield ind1="0" ind2=" " tag="775"><subfield code="t">Henry County Republican (Clinton, Mo.)</subfield><subfield code="w">(DLC)sn 89066846</subfield></datafield><datafield ind1="0" ind2="0" tag="780"><subfield code="t">Republican (Clinton, Mo. : 1892)</subfield><subfield code="w">(DLC)sn 89066847</subfield></datafield><datafield ind1="0" ind2="0" tag="785"><subfield code="t">Daily Republican (Clinton, Mo.)</subfield><subfield code="w">(DLC)sn 89066849</subfield></datafield></record>